<?xml version="1.0" encoding="UTF-8"?><collection xmlns="http://www.loc.gov/MARC21/slim"><record><leader>00553nam--2200181-i-4500</leader><controlfield tag="001">000030193</controlfield><controlfield tag="002">20161230</controlfield><controlfield tag="005">20161230201038</controlfield><controlfield tag="008">060222s1000------------r-----000-0-eng-d</controlfield><datafield ind1=" " ind2=" " tag="040"><subfield code="a">IFIN-HH</subfield></datafield><datafield ind1=" " ind2=" " tag="080"><subfield code="a">621.3.011.716</subfield></datafield><datafield ind1="1" ind2=" " tag="100"><subfield code="a">Venkatesh, Y.V</subfield></datafield><datafield ind1="1" ind2="0" tag="245"><subfield code="a">Lecture notes in physics. vol. 68: energy methods in time-varying system stability and instability analyses</subfield><subfield code="c">Y.v. venkatesh</subfield></datafield><datafield ind1=" " ind2=" " tag="260"><subfield code="a">Berlin</subfield><subfield code="b">Springer-verlag</subfield><subfield code="c">1977</subfield></datafield><datafield ind1=" " ind2=" " tag="300"><subfield code="a">IX+256P</subfield></datafield><datafield ind1=" " ind2=" " tag="490"><subfield code="a">Lecture Notes In Physics, 68</subfield></datafield><datafield ind1=" " ind2=" " tag="852"><subfield code="a">33191</subfield><subfield code="c">53</subfield></datafield><datafield ind1=" " ind2=" " tag="CAT"><subfield code="a">Sys</subfield><subfield code="c">20150303</subfield><subfield code="h">115701</subfield></datafield></record></collection>